<collection xmlns="http://www.loc.gov/MARC21/slim">
<record>
  <leader>00756nam0a22001811i 450 </leader>
  <controlfield tag="001">IT\ICCU\CNCE\068812</controlfield>
  <controlfield tag="005">20160531000000.0</controlfield>
  <datafield tag="100" ind1=" " ind2=" ">
    <subfield code="a">20061113f1515        0itac0103    ba</subfield>
  </datafield>
  <datafield tag="101" ind1=" " ind2=" ">
    <subfield code="a">ITA</subfield>
  </datafield>
  <datafield tag="102" ind1=" " ind2=" ">
    <subfield code="a">IT</subfield>
  </datafield>
  <datafield tag="200" ind1="1" ind2=" ">
    <subfield code="a">℗La ℗caccia de Diana con vna barzeleta de patientia et vna contra patientia composto per B. Cingulo</subfield>
  </datafield>
  <datafield tag="210" ind1=" " ind2=" ">
    <subfield code="d">\non dopo il 1515!</subfield>
  </datafield>
  <datafield tag="215" ind1=" " ind2=" ">
    <subfield code="a">\4! c.</subfield>
    <subfield code="d">4ʻ</subfield>
  </datafield>
  <datafield tag="300" ind1=" " ind2=" ">
    <subfield code="a">La data si ricava da: Catalogo dei libri a stampa in lingua italiana della Biblioteca Colombina di Siviglia. A cura di K. Wagner - Manuel Carrera, 215</subfield>
  </datafield>
  <datafield tag="700" ind1=" " ind2="0">
    <subfield code="a">Benedetto</subfield>
    <subfield code="c"> : da#Cingoli</subfield>
    <subfield code="3">IT\ICCU\CNCA\001594</subfield>
  </datafield>
  <datafield tag="712" ind1="0" ind2="2">
    <subfield code="a">s.n.</subfield>
    <subfield code="3">IT\ICCU\CNCT\000002</subfield>
    <subfield code="4">650</subfield>
  </datafield>
  <datafield tag="790" ind1=" " ind2="1">
    <subfield code="a">Cingoli,</subfield>
    <subfield code="b">Benedetto : da</subfield>
    <subfield code="3">IT\ICCU\CNCA\008245</subfield>
    <subfield code="z">Benedetto : da#Cingoli</subfield>
  </datafield>
  <datafield tag="801" ind1=" " ind2="3">
    <subfield code="a">IT</subfield>
    <subfield code="b">ICCU</subfield>
    <subfield code="c">20201115</subfield>
  </datafield>
</record>
</collection>
